<collection xmlns="http://www.loc.gov/MARC21/slim">
<record>
  <leader>01960nam0a22003371i 450 </leader>
  <controlfield tag="001">IT\ICCU\CNCE\029218</controlfield>
  <controlfield tag="005">20080317000000.0</controlfield>
  <datafield tag="012" ind1=" " ind2=" ">
    <subfield code="a">soit o-o) e.i- roqu (3) 1564 (A)</subfield>
    <subfield code="2">fei</subfield>
  </datafield>
  <datafield tag="100" ind1=" " ind2=" ">
    <subfield code="a">19971118d1564        0itac0103    ba</subfield>
  </datafield>
  <datafield tag="101" ind1=" " ind2=" ">
    <subfield code="a">ITA</subfield>
  </datafield>
  <datafield tag="102" ind1=" " ind2=" ">
    <subfield code="a">IT</subfield>
  </datafield>
  <datafield tag="200" ind1="1" ind2=" ">
    <subfield code="a">Trattato del santissimo sacrificio dell&apos;altare detto messa. Nel quale per la santa parola di Dio, &amp; per li testimonii degli apostoli &amp; della chiesa primitiua si mostra che il signor Giesu Christo institui la messa, &amp; gli apostoli la celebrarono</subfield>
  </datafield>
  <datafield tag="210" ind1=" " ind2=" ">
    <subfield code="a">In Milano</subfield>
    <subfield code="c">appresso Gio. Antonio degli Antonii</subfield>
    <subfield code="d">1564</subfield>
    <subfield code="e">In Milano</subfield>
    <subfield code="g">imprimeuano i fratelli da Meda</subfield>
  </datafield>
  <datafield tag="215" ind1=" " ind2=" ">
    <subfield code="a">\3!, 32, \1! c.</subfield>
    <subfield code="d">8ʻ</subfield>
  </datafield>
  <datafield tag="620" ind1=" " ind2=" ">
    <subfield code="a">IT</subfield>
    <subfield code="d">Milano</subfield>
  </datafield>
  <datafield tag="700" ind1=" " ind2="1">
    <subfield code="a">Possevino,</subfield>
    <subfield code="b">Antonio</subfield>
    <subfield code="c"> &lt;1533-1611&gt;</subfield>
    <subfield code="3">IT\ICCU\CNCA\006763</subfield>
  </datafield>
  <datafield tag="712" ind1="0" ind2="0">
    <subfield code="a">Antoni, Giovanni Antonio degli</subfield>
    <subfield code="c"> &lt;1.&gt;</subfield>
    <subfield code="3">IT\ICCU\CNCT\000038</subfield>
    <subfield code="4">650</subfield>
  </datafield>
  <datafield tag="712" ind1="0" ind2="0">
    <subfield code="a">Meda, Valerio &amp; fratelli</subfield>
    <subfield code="3">IT\ICCU\CNCT\000443</subfield>
    <subfield code="4">650</subfield>
  </datafield>
  <datafield tag="790" ind1=" " ind2="1">
    <subfield code="a">Filoteo,</subfield>
    <subfield code="b">Giovanni : da#Asti</subfield>
    <subfield code="3">IT\ICCU\CNCA\014939</subfield>
    <subfield code="z">Possevino, Antonio &lt;1533-1611&gt;</subfield>
  </datafield>
  <datafield tag="790" ind1=" " ind2="1">
    <subfield code="a">Anafesto,</subfield>
    <subfield code="b">Paolo</subfield>
    <subfield code="3">IT\ICCU\CNCA\018667</subfield>
    <subfield code="z">Possevino, Antonio &lt;1533-1611&gt;</subfield>
  </datafield>
  <datafield tag="790" ind1=" " ind2="1">
    <subfield code="a">Possevinus,</subfield>
    <subfield code="b">Antonius</subfield>
    <subfield code="c"> &lt;1533-1611&gt;</subfield>
    <subfield code="3">IT\ICCU\CNCA\018668</subfield>
    <subfield code="z">Possevino, Antonio &lt;1533-1611&gt;</subfield>
  </datafield>
  <datafield tag="791" ind1="0" ind2="0">
    <subfield code="a">Antoni, Antonio</subfield>
    <subfield code="c"> &lt;1.&gt;</subfield>
    <subfield code="3">IT\ICCU\CNCT\002834</subfield>
    <subfield code="z">Antoni, Giovanni Antonio degli &lt;1.&gt;</subfield>
  </datafield>
  <datafield tag="791" ind1="0" ind2="0">
    <subfield code="a">Antonianus, Antonius</subfield>
    <subfield code="c"> &lt;1&gt;</subfield>
    <subfield code="3">IT\ICCU\CNCT\004248</subfield>
    <subfield code="z">Antoni, Giovanni Antonio degli &lt;1.&gt;</subfield>
  </datafield>
  <datafield tag="791" ind1="0" ind2="0">
    <subfield code="a">Antoniis, Antonius de</subfield>
    <subfield code="c"> &lt;1&gt;</subfield>
    <subfield code="3">IT\ICCU\CNCT\004249</subfield>
    <subfield code="z">Antoni, Giovanni Antonio degli &lt;1.&gt;</subfield>
  </datafield>
  <datafield tag="791" ind1="0" ind2="0">
    <subfield code="a">Antonii, Antonio degli</subfield>
    <subfield code="c"> &lt;1&gt;</subfield>
    <subfield code="3">IT\ICCU\CNCT\005186</subfield>
    <subfield code="z">Antoni, Giovanni Antonio degli &lt;1.&gt;</subfield>
  </datafield>
  <datafield tag="801" ind1=" " ind2="3">
    <subfield code="a">IT</subfield>
    <subfield code="b">ICCU</subfield>
    <subfield code="c">20201114</subfield>
  </datafield>
  <datafield tag="899" ind1=" " ind2=" ">
    <subfield code="a">Biblioteca nazionale centrale. Firenze</subfield>
    <subfield code="1">FI0098</subfield>
    <subfield code="2">CFI CF</subfield>
  </datafield>
  <datafield tag="899" ind1=" " ind2=" ">
    <subfield code="a">Biblioteca Estense Universitaria. Modena</subfield>
    <subfield code="1">MO0089</subfield>
    <subfield code="2">MOD BE</subfield>
  </datafield>
  <datafield tag="899" ind1=" " ind2=" ">
    <subfield code="a">Biblioteca nazionale centrale. Roma</subfield>
    <subfield code="1">RM0267</subfield>
    <subfield code="2">BVE CR</subfield>
  </datafield>
  <datafield tag="899" ind1=" " ind2=" ">
    <subfield code="a">Biblioteca universitaria Alessandrina. Roma</subfield>
    <subfield code="1">RM0280</subfield>
    <subfield code="2">RML 01</subfield>
  </datafield>
  <datafield tag="899" ind1=" " ind2=" ">
    <subfield code="a">Biblioteca Angelica. Roma</subfield>
    <subfield code="1">RM0290</subfield>
    <subfield code="2">RML 06</subfield>
  </datafield>
</record>
</collection>
